1598 2696
573 167 612 197 m
638 166 772 204 ‚namn
799 165 1015 198 Amtmmm.
1391 159 1462 199 199

342 245 383 284 A
408 245 514 285 virtu
539 245 742 284 solamente

351 305 526 344 Formata
551 304 590 343 fu
617 304 675 342 dal
701 312 770 343 suo
794 304 949 343 decreto
974 304 1112 351 antico,

349 364 486 403 Contra
513 364 547 402 lo
572 363 657 412 qual
684 363 836 402 sanate.²

354 423 395 474 Ιοι
415 423 499 461 dico
522 433 543 460 a
569 423 630 461 voi
657 423 726 461 che
750 422 843 461 siete
868 423 1114 472 innamorate,

349 483 424 521 Che
449 493 489 521 se
515 483 651 521 beltate
677 493 697 521 a
720 483 782 521 voi
1061 504 1065 508 ,

350 543 407 581 Fu
433 543 531 588 data,
558 553 578 580 e
604 543 708 581 virtu
733 553 752 581 a
778 543 854 590 noi,

346 601 402 640 Ed
428 613 449 640 a
474 602 624 640 costui⁸
650 603 686 640 di
713 603 786 641 due
811 607 942 650 potere
967 613 1022 641 un
1048 603 1139 652 fare,

353 661 413 700 Voi
438 671 515 699 non
541 661 718 699 dovreste
742 672 881 708 amare,

345 721 401 759 Ma
428 721 553 770 coprir
579 726 721 770 quanto
748 722 783 759 di
809 722 906 760 belm
934 723 1007 762 v'b
1034 724 1133 772 dato,

348 779 483 816 Poiche
511 789 587 817 non
613 779 633 815 ὸ
660 780 780 826 virtu,
809 779 937 818 ch’era
964 791 1033 820 suo
1054 782 1198 830 segn0.¹·

346 838 484 877 Lasso!
515 848 536 876 a
562 839 629 876 che
655 839 758 877 dicer
785 839 933 887 vegno‘?

345 899 451 946 Dico,
478 898 547 937 ohe
573 899 631 937 bel
658 899 838 946 disdegno

348 959 511 997 Sarebbe
536 958 574 996 in
601 959 726 997 donna
753 958 789 995 di
815 959 944 1005 ragion
962 961 1100 1009 ledam,

347 1015 474 1054 Partir
498 1015 542 1053 da
567 1016 607 1054 sb
634 1016 731 1054 beltb
759 1027 826 1064 per
851 1028 920 1056 suo
945 1020 1160 1061 commiam.

294 1076 418 1114 -Uomo
444 1076 490 1114 da
514 1077 555 1114 sb
582 1076 684 1115 virts]
710 1077 801 1115 satta
828 1077 872 1115 ha
901 1078 1066 1125 mutam,

348 1135 466 1173 Uomo
492 1145 567 1174 non
594 1136 664 1184 gib,
690 1146 748 1174 ma
777 1137 894 1176 bestia
921 1139 981 1176 eh'
997 1150 1082 1178 uom
1109 1140 1296 1189 somiglia:

349 1194 380 1232 O
405 1195 488 1238 Dio,
510 1195 597 1243 qual
624 1197 853 1244 maraviglia,

349 1250 458 1290 Voler
487 1252 620 1291 cadere
645 1253 683 1290 in
709 1263 821 1292 servo
847 1255 883 1292 di
911 1255 1084 1304 signore!

344 1307 478 1348 ovver
503 1310 540 1347 di
565 1310 641 1348 vita
668 1310 707 1348 in
733 1314 880 1352 morte!

350 1368 510 1414 Virtute,
534 1369 567 1407 al
593 1379 662 1407 suo
687 1370 801 1408 rattor
826 1381 972 1419 sempre
997 1376 1172 1424 sottana,⁸

347 1428 419 1467 Lui
444 1429 656 1476 obbedisce,
682 1440 702 1467 a
729 1429 774 1468 lei
800 1432 968 1479 acquista
995 1443 1124 1482 onore,

348 1489 493 1535 nonne,
517 1494 624 1528 tanto
650 1490 708 1528 ch'
722 1490 860 1530 Amore

346 1550 398 1588 La
422 1559 536 1597 segna
560 1549 814 1589 d’eccellente
840 1561 907 1591 sua
933 1553 1090 1602 famiglia

348 1608 450 1646 Nessa
475 1609 582 1646 beata
609 1614 726 1647 corte.

344 1668 581 1706 Lietamente
606 1677 691 1706 esce
717 1669 812 1708 dalle
837 1669 931 1710 belle
957 1676 1078 1722 porte,

346 1727 426 1765 Alia
449 1736 517 1765 sua
543 1726 693 1764 donna⁶
718 1731 843 1774 torna;

349 1787 452 1825 Lieta
478 1796 539 1832 va,
564 1796 585 1824 e
609 1787 823 1835 soggiorna:

349 1846 584 1885 Lietamente
608 1855 698 1895 opra
721 1857 790 1885 suo
814 1857 908 1896 gran
933 1851 1182 1900 vassallaggio.

350 1906 425 1944 Per
449 1906 483 1943 10
509 1910 616 1944 corto
641 1906 786 1954 viaggio

346 1966 554 2013 conserva,
579 1966 731 2014 adorna,
757 1978 930 2008 accresce
956 1971 1013 2010 cio
1040 1972 1108 2011 che
1137 1977 1261 2014 trovat

349 2024 467 2062 Morte
491 2034 659 2072 repugna
684 2024 729 2072 si,
756 2026 824 2065 che
849 2027 896 2066 lei
922 2038 998 2068 non
1023 2041 1127 2071 cura,

352 2080 382 2119 Ο
408 2090 492 2119 cara
516 2082 657 2119 ancella
683 2092 703 2120 e
730 2093 834 2130 pura,

351 2142 445 2180 Colt’
458 2141 515 2179 hai
540 2141 602 2179 nel
627 2142 697 2180 ciel
722 2143 885 2182 misum!

353 2201 411 2240 Tu
435 2201 510 2239 sola
534 2200 581 2238 fai
605 2202 754 2248 signore
762 2213 774 2249 ;
801 2213 821 2241 e
847 2210 983 2252 questo
1007 2216 1139 2255 prova,

353 2260 429 2298 Che
454 2265 495 2299 tu
522 2259 572 2298 se'
591 2261 811 2309 possession,
837 2264 904 2302 che
929 2274 1078 2314 sempre
1103 2268 1223 2315 giova.

298 2318 426 2357 Servo
450 2329 526 2356 non
551 2319 585 2356 di
610 2319 746 2367 signor,
772 2330 831 2359 ma
857 2322 894 2360 di
920 2323 972 2361 vil
993 2334 1102 2363 servo

352 2377 391 2416 si
415 2377 461 2424 fa,
488 2377 545 2415 chi
570 2378 614 2416 da
640 2379 737 2417 cotal
761 2380 887 2428 signor
911 2381 943 2420 si
968 2384 1120 2421 seusu-151
