1598 2696
115 163 188 202 272
613 173 710 204 num
735 172 942 204 monuwa.

327 245 358 283 E
383 256 451 293 per
474 247 575 285 torza
602 246 762 285 convien
787 246 855 284 che
880 251 1004 285 morto
1027 248 1094 294 sia,

328 305 402 343 Per
425 315 478 342 un
503 305 618 352 gentil
643 305 757 351 desio,
784 304 842 342 oh‘
855 304 970 343 Amor
995 306 1032 343 vi
1062 305 1174 343 tiene.

280 362 563 409 Quest’assedio
590 363 620 401 si
646 364 786 410 grande
810 364 856 400 ha
881 368 988 411 posto
1013 369 1149 408 morte,

327 422 402 459 Per
427 422 634 469 conquider
658 422 692 459 la
718 422 808 468 vita,
836 421 988 459 intorno
1012 422 1046 458 81
1072 431 1171 468 core,

330 479 406 518 Che
433 482 562 528 cangio
587 486 685 519 stato
711 481 861 528 quando
887 480 908 517 ’1
935 490 1042 527 prese
1070 480 1207 518 Amore

282 539 356 578 Per
380 540 503 587 quella
529 540 664 587 donna,
691 540 758 577 che
784 538 815 576 si
842 540 935 576 mira
960 538 1076 585 forte,

326 597 437 635 Come
462 598 555 636 colei
581 598 649 635 che
674 597 727 634 sel
752 607 848 644 pone
875 597 914 634 in
942 597 1103 643 disnore,

329 655 435 694 Onde
460 657 587 694 assalir
612 656 646 693 lo
670 655 759 694 vien
784 654 816 692 si
842 654 898 692 ch’
913 655 946 692 ei
972 665 1020 692 ne
1046 665 1190 694 muore.

187 749 328 793 Queeto
353 754 501 787 sonetto
526 750 653 787 vedesi
679 750 769 787 dato
795 761 819 786 a
844 749 973 786 Dante
999 749 1036 785 in
1061 749 1199 787 alcuna
1224 749 1323 787 delle
1355 749 1436 786 edi-

121 797 217 834 zioni
243 799 440 845 posteriori
466 798 544 834 alla.
569 798 758 844 giuntina,
783 801 927 833 mentre
953 797 990 832 in
1016 803 1148 843 questa
1174 809 1198 833 a
1217 809 1249 834 e.
1270 799 1317 836 56
1333 801 1436 833 retro

119 845 161 882 fu
183 845 403 892 pubblieato
428 846 486 881 col
514 856 621 880 nome
647 845 684 880 di
705 845 810 881 Oino.
837 844 1089 890 Quantunque
1107 845 1166 880 nel
1184 845 1311 881 codice
1330 844 1437 880 Bossi

119 892 166 929 ed
193 893 232 928 in
257 892 382 938 quello
415 893 485 929 che
518 891 561 927 fu
598 891 657 928 del
691 892 860 929 cardinal
892 892 1035 926 Bembo
1067 892 1203 939 (codici
1234 892 1342 928 citati
1375 891 1438 927 dal

125 939 294 987 Ciampi)
318 940 350 975 si
374 940 466 976 veda
492 939 690 975 attribuito
716 950 740 974 a.
764 938 891 974 Dante
917 938 1114 986 Alighieri‚
1140 950 1160 975 o
1186 939 1285 986 porti
1309 938 1441 974 l’indi-

124 987 227 1023 rizzo
251 998 275 1023 a
300 986 493 1024 Bernardo
519 987 567 1022 da
593 986 777 1033 Bologna‚
802 997 894 1033 pure
918 986 1138 1033 appartieue
1157 997 1180 1021 a
1201 986 1292 1022 Cino
1309 986 1358 1021 da
1376 986 1440 1022 Pi-

125 1034 243 1080 stoia3
267 1045 339 1070 non
361 1034 440 1070 solo
457 1033 593 1081 perche
612 1046 634 1070 a
653 1034 745 1071 Cino
766 1034 806 1069 fu
824 1033 1024 1070 attribuito
1042 1033 1129 1069 dail'
1143 1033 1310 1070 edizione
1331 1033 1440 1079 giun-

125 1082 220 1127 tina,
245 1092 267 1117 e
293 1081 342 1117 da
368 1085 469 1117 tutte
494 1092 514 1116 e
541 1085 599 1117 tre
625 1081 659 1117 le
679 1081 844 1118 ,edizioni
870 1081 966 1116 dene
983 1081 1075 1116 rime
1092 1081 1210 1128 dilui,
1226 1092 1288 1118 ma
1304 1079 1438 1129 perebo

125 1128 183 1165 col
209 1139 317 1165 nome
343 1128 381 1165 di
406 1129 498 1165 Cino
523 1128 662 1166 trovasi
686 1129 724 1165 in
750 1128 926 1176 parecohi
950 1127 1082 1165 codici.

686 1316 882 1355 Sonnrro.

298 1426 435 1464 Messer
459 1426 660 1468 Brunetto,
685 1425 818 1470 questa
844 1419 1061 1467 pulzenetta

347 1484 428 1523 Con
452 1493 534 1522 esso
558 1481 621 1522 voi
647 1480 678 1518 si
704 1480 791 1518 vien
817 1478 848 1515 18
875 1487 1013 1525 pasqua
1039 1486 1059 1513 8
1084 1475 1181 1519 fare:

347 1544 428 1583 Non
453 1543 646 1582 intendem
672 1549 809 1588 pasqua
836 1538 880 1576 da
906 1536 1109 1583 mangiare,

348 1603 412 1642 Ch’
431 1604 499 1641 ella
524 1611 599 1640 non
623 1599 782 1646 mangia,
807 1596 891 1634 anzi
919 1594 1008 1633 vuol
1034 1602 1136 1632 esser
1161 1593 1263 1631 lena.

301 1662 352 1701 La
377 1672 443 1701 sua
467 1666 646 1700 sentenza
671 1666 746 1695 non
770 1653 933 1692 richiede
957 1652 1081 1696 trena,

349 1720 403 1759 Ne
429 1720 538 1766 luogo
563 1717 599 1756 di
624 1724 762 1761 romor,
786 1712 834 1751 ne
861 1712 906 1749 da
931 1710 1098 1758 giulini-e,

351 1780 444 1818 Anzi
471 1779 500 1816 si
529 1777 616 1816 vuol
643 1776 707 1824 pin
733 1774 835 1813 volte
859 1771 1046 1818 lusingare

352 1840 475 1879 Prima
501 1838 569 1877 che
594 1837 633 1875 in
656 1834 841 1873 intelletto
864 1831 975 1870 altrui
1001 1830 1030 1868 si
1058 1834 1207 1886 menan

304 1899 352 1937 Se
379 1900 437 1936 voi
464 1907 538 1934 non
563 1896 594 1933 18
620 1892 813 1931 intendete
839 1892 874 1927 in
901 1893 1032 1936 quista
1058 1888 1177 1935 guiso,

350 1958 392 1995 ln
418 1960 542 1994 vostra
567 1958 678 2001 gente
703 1951 748 1989 ha
773 1948 877 1987 molti
902 1947 987 1985 frati
1011 1947 1170 1996 Alberti,

350 2017 402 2055 na
429 2014 602 2053 intendet
627 2011 698 2056 cio,
723 2007 810 2047 ch’e
835 2006 944 2056 porto
972 2005 1049 2045 loro
1074 2005 1112 2043 in
1139 2013 1262 2043 mano.

304 2076 382 2115 Con
406 2075 462 2113 lor
488 2073 524 2111 vi
551 2070 773 2116 restringam
799 2075 911 2105 senza
937 2065 1021 2111 risa,

347 2134 377 2173 Ε
403 2143 442 2172 se
467 2132 514 2179 gli
539 2129 622 2169 altri
648 2127 703 2165 de'
719 2125 846 2164 dubbii
872 2132 948 2162 non
972 2132 1041 2160 son
1066 2121 1177 2168 certi,

350 2192 541 2231 Ricorrete
567 2187 635 2226 8118
662 2186 735 2224 ssne
760 2195 779 2222 8
806 2192 947 2222 messer
972 2181 1101 2220 Giano.

201 2279 455 2325 Quantunquo
479 2275 611 2320 questo
635 2269 783 2324 nonetto
805 2264 905 2321 fosso
929 2262 1119 2320 eol-nonio
1143 2260 1180 2297 di
1206 2259 1334 2319 Dante
1361 2258 1439 2298 Ali.

129 2328 250 2376 ghieri
276 2325 492 2374 pubblieato
510 2318 596 2375 (1811·
613 2317 757 2374 Quaem
776 2314 903 2361 (Poeta
921 2310 1066 2348 antiche
1086 2321 1142 2348 eo.
1160 2307 1217 2346 Na
1247 2309 1293 2346 oh
1315 2308 1436 2354 1601).

128 2385 231 2424 pure,
256 2385 324 2422 per
347 2380 470 2410 enuere
493 2364 693 2406 attribuito
717 2361 767 2400 ad
790 2370 886 2407 enno,
911 2368 1044 2396 manea
1060 2356 1195 2394 affatio
1241 2354 1349 2394 {dati
1366 2365 1435 2404 po·
